
    <record>
        <leader>00000nz  a2200169   4500</leader>
        <controlfield tag="001">30006437</controlfield>
        <controlfield tag="003">RISM</controlfield>
        <controlfield tag="005">20160216</controlfield>
        <controlfield tag="008">160216n||az|||||||##########||||||||||||</controlfield>
        <datafield tag="040" ind1=" " ind2=" ">
            <subfield code="a">EV-TALa</subfield>
        </datafield>
        <datafield tag="043" ind1=" " ind2=" ">
            <subfield code="c">XA-EE</subfield>
        </datafield>
        <datafield tag="110" ind1="2" ind2=" ">
            <subfield code="a">Eesti Akadeemiline Raamatukogu, Baltica kogu</subfield>
            <subfield code="c">Tallinn</subfield>
            <subfield code="g">EV-TALa</subfield>
        </datafield>
        <datafield tag="410" ind1="2" ind2=" ">
            <subfield code="a">Estonian Akademic Library, Collection Baltica</subfield>
        </datafield>
    </record>