
    <record>
        <leader>00000nz  a2200169   4500</leader>
        <controlfield tag="001">30006438</controlfield>
        <controlfield tag="003">RISM</controlfield>
        <controlfield tag="005">20160216</controlfield>
        <controlfield tag="008">160216n||az|||||||##########||||||||||||</controlfield>
        <datafield tag="040" ind1=" " ind2=" ">
            <subfield code="a">EV-TALam</subfield>
        </datafield>
        <datafield tag="110" ind1="2" ind2=" ">
            <subfield code="a">Eesti Ajaloomuuseum arhiiv</subfield>
            <subfield code="c">Tallinn</subfield>
            <subfield code="g">EV-TALam</subfield>
        </datafield>
        <datafield tag="410" ind1="2" ind2=" ">
            <subfield code="a">Estonian History Museum, Archive</subfield>
        </datafield>
        <datafield tag="622" ind1=" " ind2=" ">
            <subfield code="e">Eesti Ajaloomuuseum arhiiv, Maarjamäe loss, Pirita tee 56, 10127 Tallinn, Estonia</subfield>
            <subfield code="u">http://ajaloomuuseum.ee/</subfield>
        </datafield>
    </record>