
    <record>
        <leader>00000nz  a2200169   4500</leader>
        <controlfield tag="001">30004690</controlfield>
        <controlfield tag="003">RISM</controlfield>
        <controlfield tag="005">20160216</controlfield>
        <controlfield tag="008">160216n||az|||||||##########||||||||||||</controlfield>
        <datafield tag="040" ind1=" " ind2=" ">
            <subfield code="a">EV-TALg</subfield>
        </datafield>
        <datafield tag="043" ind1=" " ind2=" ">
            <subfield code="c">EV</subfield>
        </datafield>
        <datafield tag="110" ind1="2" ind2=" ">
            <subfield code="a">Eesti Rahvusraamatukogu, Arhiivkogu</subfield>
            <subfield code="c">Tallinn</subfield>
            <subfield code="g">EV-TALg</subfield>
        </datafield>
        <datafield tag="410" ind1="2" ind2=" ">
            <subfield code="a">Estonian National Library, Archive</subfield>
        </datafield>
        <datafield tag="622" ind1=" " ind2=" ">
            <subfield code="e">Eesti Rahvusraamatukogu, Arhiivkogu, Tonismägi 2, 15189 Tallinn, Estonia</subfield>
            <subfield code="u">http://www.nlib.ee</subfield>
        </datafield>
    </record>