
    <record>
        <leader>00000nz  a2200169   4500</leader>
        <controlfield tag="001">30006440</controlfield>
        <controlfield tag="003">RISM</controlfield>
        <controlfield tag="005">20160216</controlfield>
        <controlfield tag="008">160216n||az|||||||##########||||||||||||</controlfield>
        <datafield tag="040" ind1=" " ind2=" ">
            <subfield code="a">EV-TALl</subfield>
        </datafield>
        <datafield tag="043" ind1=" " ind2=" ">
            <subfield code="c">EV</subfield>
        </datafield>
        <datafield tag="110" ind1="2" ind2=" ">
            <subfield code="a">Tallinna Linnarhiiv</subfield>
            <subfield code="c">Tallinn</subfield>
            <subfield code="g">EV-TALl</subfield>
        </datafield>
        <datafield tag="410" ind1="2" ind2=" ">
            <subfield code="a">Tallinn City Archive</subfield>
        </datafield>
        <datafield tag="622" ind1=" " ind2=" ">
            <subfield code="e">Tallinna Linnarhiiv, Tolli tänav 6, 10133  Tallinn, Estonia</subfield>
            <subfield code="u">http://www.tallinn.ee/ametid/linnaarhiiv</subfield>
        </datafield>
    </record>