
    <record>
        <leader>00000nz  a2200169   4500</leader>
        <controlfield tag="001">30006439</controlfield>
        <controlfield tag="003">RISM</controlfield>
        <controlfield tag="005">20160216</controlfield>
        <controlfield tag="008">160216n||az|||||||##########||||||||||||</controlfield>
        <datafield tag="040" ind1=" " ind2=" ">
            <subfield code="a">EV-TALtm</subfield>
        </datafield>
        <datafield tag="043" ind1=" " ind2=" ">
            <subfield code="c">XA-EE</subfield>
        </datafield>
        <datafield tag="110" ind1="2" ind2=" ">
            <subfield code="a">Eesti Teatri- ja Muusikamuuseum, teatri- ja muusikaosakonna arhiiv kogud</subfield>
            <subfield code="c">Tallinn</subfield>
            <subfield code="g">EV-TALtm</subfield>
        </datafield>
        <datafield tag="410" ind1="2" ind2=" ">
            <subfield code="a">Estonia Theatre and Music Museum, Theatre and Music archive</subfield>
        </datafield>
    </record>