
    <record>
        <leader>00000nz  a2200169   4500</leader>
        <controlfield tag="001">30002533</controlfield>
        <controlfield tag="003">RISM</controlfield>
        <controlfield tag="005">20160216</controlfield>
        <controlfield tag="008">160216n||az|||||||##########||||||||||||</controlfield>
        <datafield tag="040" ind1=" " ind2=" ">
            <subfield code="a">EV-TAu</subfield>
        </datafield>
        <datafield tag="043" ind1=" " ind2=" ">
            <subfield code="c">XA-EE</subfield>
        </datafield>
        <datafield tag="110" ind1="2" ind2=" ">
            <subfield code="a">Universitetskaja biblioteka</subfield>
            <subfield code="c">Tartu</subfield>
            <subfield code="g">EV-TAu</subfield>
        </datafield>
    </record>
</collection>

